
@article{nesterov2006towards,
  title={Towards nonsymmetric conic optimization},
  author={Nesterov, Yurii},
  journal={Available at SSRN 921788},
  year={2006}
}

@book{BoV:04,
 author = {S. Boyd and L. Vandenberghe},
 title = {Convex Optimization},
 publisher = {Cambridge University Press},
 year = 2004
}

@article{alkire2002convex,
  title={Convex optimization problems involving finite autocorrelation sequences},
  author={Alkire, Brien and Vandenberghe, Lieven},
  journal={Mathematical Programming},
  volume={93},
  number={3},
  pages={331--359},
  year={2002},
  publisher={Springer}
}

@article{salahi2007mehrotra,
  title={On Mehrotra-type predictor-corrector algorithms},
  author={Salahi, Maziar and Peng, Jiming and Terlaky, Tam{\'a}s},
  journal={SIAM Journal on Optimization},
  volume={18},
  number={4},
  pages={1377--1397},
  year={2007},
  publisher={SIAM}
}

@article{nesterov1997long,
  title={Long-step strategies in interior-point primal-dual methods},
  author={Nesterov, Yu},
  journal={Mathematical Programming},
  volume={76},
  number={1},
  pages={47--94},
  year={1997},
  publisher={Springer}
}

@article{schurr2009polynomial,
  title={A polynomial-time interior-point method for conic optimization, with inexact barrier evaluations},
  author={Schurr, Simon P and O'Leary, Dianne P and Tits, Andr{\'e} L},
  journal={SIAM Journal on Optimization},
  volume={20},
  number={1},
  pages={548--571},
  year={2009},
  publisher={SIAM}
}
